@article{carpenter2000bootstrap,
  title={Bootstrap confidence intervals: when, which, what? A practical guide for medical statisticians},
  author={Carpenter, James and Bithell, John},
  journal={Statistics in medicine},
  volume={19},
  number={9},
  pages={1141--1164},
  year={2000},
  publisher={Wiley Online Library}
}
